@article{Knuth92,
        author = "D.E. Knuth",
        title = "Two notes on notation",
        journal = "Amer. Math. Monthly",
        volume = "99",
        year = "1992",
        pages = "403--422",
}

@book{ConcreteMath,
        author = "R.L. Graham and D.E. Knuth and O. Patashnik",
        title = "Concrete mathematics",
        publisher = "Addison-Wesley",
        address = "Reading, MA",
        year = "1989"
}

@unpublished{Simpson,
        author = "H. Simpson",
        title = "Proof of the {R}iemann {H}ypothesis",
        note = "preprint (2003), available at
        \url{http://www.math.drofnats.edu/riemann.ps}",
        year = "2003"
}

@incollection{Er01,
        author = "P. Erd{\H o}s",
        title = "A selection of problems and results in combinatorics",
        booktitle = "Recent trends in combinatorics (Matrahaza, 1995)",
        publisher = "Cambridge Univ. Press",
        address = "Cambridge",
        pages = "1--6",
        year = "1995"
}
@article{greenwade93,
    author  = "George D. Greenwade",
    title   = "The {C}omprehensive {T}ex {A}rchive {N}etwork ({CTAN})",
    year    = "1993",
    journal = "TUGBoat",
    volume  = "14",
    number  = "3",
    pages   = "342--351"
}
@article{lowry1951protein,
  title={Protein estimations with folin-phenol reagent},
  author={Lowry, OH and Rosenbrough, NK and Farr, AF and Randall, RJ},
  journal={J. Biochem},
  volume={1},
  pages={28--30},
  year={1951}
}
@article{Thompson:1994,
author = {Thompson, Julie D. and Higgins, Desmond G. and Gibson, Toby J.},
title = {CLUSTAL W: improving the sensitivity of progressive multiple sequence alignment through sequence weighting, position-specific gap penalties and weight matrix choice},
journal = {Nucleic Acids Research},
volume = {22},
number = {22},
pages = {4673-4680},
year = {1994},
doi = {10.1093/nar/22.22.4673},
URL = {http://dx.doi.org/10.1093/nar/22.22.4673},
}
@article{BRADFORD1976248,
title = "A rapid and sensitive method for the quantitation of microgram quantities of protein utilizing the principle of protein-dye binding",
journal = "Analytical Biochemistry",
volume = "72",
number = "1",
pages = "248 - 254",
year = "1976",
issn = "0003-2697",
doi = "10.1016/0003-2697(76)90527-3",
url = "http://www.sciencedirect.com/science/article/pii/0003269776905273",
author = "Marion M. Bradford"
}
@article{PhysRevB.37.785,
  title = {Development of the Colle-Salvetti correlation-energy formula into a functional of the electron density},
  author = {Lee, Chengteh and Yang, Weitao and Parr, Robert G.},
  journal = {Phys. Rev. B},
  volume = {37},
  issue = {2},
  pages = {785--789},
  numpages = {0},
  year = {1988},
  month = {1},
  publisher = {American Physical Society},
  doi = {10.1103/PhysRevB.37.785},
  url = {https://link.aps.org/doi/10.1103/PhysRevB.37.785}
}
@article{doi:10.1080/01621459.1958.10501452,
author = { E. L.   Kaplan  and  Paul   Meier },
title = {Nonparametric Estimation from Incomplete Observations},
journal = {Journal of the American Statistical Association},
volume = {53},
number = {282},
pages = {457-481},
year  = {1958},
publisher = {Taylor & Francis},
doi = {10.1080/01621459.1958.10501452},
URL = {https://www.tandfonline.com/doi/abs/10.1080/01621459.1958.10501452},
eprint = {https://www.tandfonline.com/doi/pdf/10.1080/01621459.1958.10501452}
}
@article{AMBROSETTI1973349,
title = "Dual variational methods in critical point theory and applications",
journal = "Journal of Functional Analysis",
volume = "14",
number = "4",
pages = "349 - 381",
year = "1973",
issn = "0022-1236",
doi = "10.1016/0022-1236(73)90051-7",
url = "http://www.sciencedirect.com/science/article/pii/0022123673900517",
author = "Antonio Ambrosetti and Paul H Rabinowitz"
}
@article{ZADEH1965338,
title = "Fuzzy sets",
journal = "Information and Control",
volume = "8",
number = "3",
pages = "338 - 353",
year = "1965",
issn = "0019-9958",
doi = "10.1016/S0019-9958(65)90241-X",
url = "http://www.sciencedirect.com/science/article/pii/S001999586590241X",
author = "L.A. Zadeh"
}
@ARTICLE{6773024,
author={C. E. Shannon},
journal={The Bell System Technical Journal},
title={A mathematical theory of communication},
year={1948},
volume={27},
number={3},
pages={379-423},
keywords={},
doi={10.1002/j.1538-7305.1948.tb01338.x},
ISSN={0005-8580},
month={7}
}
